<?xml version="1.0" encoding="UTF-8" ?>
<collection xmlns:xsi="http://www.w3.org/2001/XMLSchema-instance" xsi:schemaLocation="http://www.loc.gov/MARC21/slim http://www.loc.gov/standards/marcxml/schema/MARC21slim.xsd" xmlns="http://www.loc.gov/MARC21/slim">
   <record>
      <leader>     mam a22      a 4500</leader>
      <controlfield tag="001">1927971</controlfield>
      <controlfield tag="003">COO</controlfield>
      <controlfield tag="005">20140820202755.0</controlfield>
      <controlfield tag="008">830121s1926    ua            000 0 arard</controlfield>
      <datafield tag="035" ind1=" " ind2=" ">
         <subfield code="a">(NIC)notisAJZ1839</subfield>
      </datafield>
      <datafield tag="035" ind1=" " ind2=" ">
         <subfield code="a">(OCoLC)23503010</subfield>
      </datafield>
      <datafield tag="035" ind1=" " ind2=" ">
         <subfield code="a">1927971</subfield>
      </datafield>
      <datafield tag="040" ind1=" " ind2=" ">
         <subfield code="a">MiU</subfield>
         <subfield code="c">MiU</subfield>
         <subfield code="d">NIC</subfield>
      </datafield>
      <datafield tag="100" ind1="1" ind2=" ">
         <subfield code="a">Ṭaraṣūṣī, Ibrāhīm ibn ʻAlī,</subfield>
         <subfield code="d">1320-approximately 1356.</subfield>
      </datafield>
      <datafield tag="245" ind1="1" ind2="3">
         <subfield code="a">al-Fatāwá al-Ṭarasūsīyah, aw, anfaʻ al-wasāʼil ilá taḥrīr al-masāʼil /</subfield>
         <subfield code="c">li-Najm al-Dīn Ibrāhīm ibn ʻAlī ibn Aḥmad ibnʻAbd al-Wāḥid ibn ʻAbd al-Munʻim ibn ʻAbd al Ṣamad al-Ṭarsūsī ; ṣaḥḥaḥahu wa-rājaʻa nuqūlahu Muṣṭafá Muḥammad Khafājī wa-Maḥmūd Ibrāhīm.</subfield>
      </datafield>
      <datafield tag="260" ind1=" " ind2=" ">
         <subfield code="a">Miṣr :</subfield>
         <subfield code="b">Maṭbaʻat al-Sharq,</subfield>
         <subfield code="c">1926.</subfield>
      </datafield>
      <datafield tag="300" ind1=" " ind2=" ">
         <subfield code="a">355 p. ;</subfield>
         <subfield code="c">25 cm.</subfield>
      </datafield>
      <datafield tag="650" ind1=" " ind2="0">
         <subfield code="a">Fatwas.</subfield>
      </datafield>
      <datafield tag="650" ind1=" " ind2="0">
         <subfield code="a">Hanafites.</subfield>
      </datafield>
      <datafield tag="700" ind1="1" ind2=" ">
         <subfield code="a">Khafājī, Muṣṭafá Muḥammad.</subfield>
      </datafield>
      <datafield tag="740" ind1="0" ind2=" ">
         <subfield code="a">Anfaʻ al-wasāʼil ilá taḥrīr al-masāʼil.</subfield>
      </datafield>
      <datafield tag="905" ind1=" " ind2=" ">
         <subfield code="a">19961014120000.0</subfield>
      </datafield>
      <datafield tag="950" ind1=" " ind2=" ">
         <subfield code="a">BP148</subfield>
         <subfield code="b">.T14</subfield>
      </datafield>
      <datafield tag="903" ind1=" " ind2=" ">
         <subfield code="a">NYUACO</subfield>
         <subfield code="d">20141028</subfield>
         <subfield code="p">31924060315789</subfield>
      </datafield>
      <datafield tag="950" ind1=" " ind2=" ">
         <subfield code="a">BP148</subfield>
         <subfield code="b">.T17</subfield>
         <subfield code="v"> </subfield>
      </datafield>
   </record>
</collection>
